// Theory of Actor computation

@book{ACTORS,
 author = {Gul Agha},
 title = {Actors: a model of concurrent computation in distributed systems},
 year = {1986},
 isbn = {0-262-01092-5},
 publisher = {MIT Press},
 address = {Cambridge, MA, USA},
 }

@inproceedings{agha-cacm90,
	author="Gul Agha",
	title="Concurrent Object-Oriented Programming",
	booktitle="in Communications of the ACM, Association for Computing Machinery, vol. 33, no. 9, pp 125-141, September",
	year="1990"
}

@article{agha1997fac,
  title={{A Foundation for Actor Computation}},
  author="Gul Agha and Ian A. Mason and Scott Smith and Carolyn Talcott",
  journal={Journal of Functional Programming},
  volume={7},
  number={01},
  pages={1--72},
  year={1997},
  publisher={Cambridge Univ Press}
}

@phdthesis{nalini-phd,
	author="Nalini  Venkatasubramanian",
	title="Resource Management in Open Distributed Systems with Applications to Distributed Multimedia",
	school="University of Illinois at Urbana-Champaign",
	year="1998"
}


@inproceedings{sturman-srds94,
	author="Daniel Sturman and Gul Agha",
	title="A Protocol Description Language for Customizing Failure Semantics",
	booktitle="in Proceedings of the Thirteenth Symposium on Reliable Distributed Systems, pp 148-157, IEEE Computer Society Press, October",
	year="1994"
}

@inproceedings{ren-jpdc96,
	author="Shangping Ren and Gul Agha and Masahiko Saito",
	title="A Modular Approach for Programming Distributed Real-Time Systems",
	booktitle="Journal of Parallel and Distributed Computing, vol. 36, no. 1, pp 4-12, 1996. Also published in School on Embedded Systems, European Educational Forum 1996, pp 52-",
	year="1996"
}

@inproceedings{agha-jamali-dai,
	author="Gul  Agha and Nadeem  Jamali",
	title="Concurrent Programming for Distributed Artificial Intelligence",
	booktitle="in G. Weiss (Editor), Multiagent Systems: A Modern Approach to Distributed Artificial Intelligence, Chap. 12, pp 505-534, MIT Press",
	year="1999"
}

@inproceedings{Astley98,
	author="Mark Astley and Gul Agha",
	title="Customization and Composition of Distributed Objects: Middleware Abstractions for Policy Management",
	booktitle="Sixth International Symposium on the Foundations of Software Engineering, ACM SIGSOFT",
	year="1998"
}


@inproceedings{woo-super95,
	author="WooYoung Kim and Gul Agha",
	title="Efficient Support of Location Transparency in Concurrent Object-Oriented Programming Languages",
	booktitle="Proceedings of Supercomputing 1995",
	year="1995"
}

@techreport{Lee:EECS-2006-1,
    Author = {Edward A. Lee},
    Title = {The Problem with Threads},
    Institution = {EECS Department, University of California, Berkeley},
    Year = {2006},
    Month = {Jan},
    URL = {http://www.eecs.berkeley.edu/Pubs/TechRpts/2006/EECS-2006-1.html},
    Number = {UCB/EECS-2006-1},
    Note = {The published version of this paper is in IEEE Computer 39(5):33-42, May 2006.}
}

@techreport{Asanovic:EECS-2006-183,
    Author = {Asanovic, Krste and Bodik, Ras and Catanzaro, Bryan Christopher and Gebis, Joseph James and Husbands, Parry and Keutzer, Kurt and Patterson, David A. and Plishker, William Lester and Shalf, John and Williams, Samuel Webb and Yelick, Katherine A.},
    Title = {The Landscape of Parallel Computing Research: A View from Berkeley},
    Institution = {EECS Department, University of California, Berkeley},
    Year = {2006},
    Month = {Dec},
    URL = {http://www.eecs.berkeley.edu/Pubs/TechRpts/2006/EECS-2006-183.html},
    Number = {UCB/EECS-2006-183}
}


@article{tilera-ilib,
author = {David Wentzlaff and Patrick Griffin and Henry Hoffmann and Liewei Bao and Bruce Edwards and Carl Ramey and Matthew Mattina and Chyi-Chang Miao and John F. Brown III and Anant Agarwal},
title = {On-Chip Interconnection Architecture of the Tile Processor},
journal = {IEEE Micro},
volume = {27},
number = {5},
year = {2007},
pages = {15-31},
publisher = {IEEE Computer Society},
address = {Los Alamitos, CA, USA},
}

@book{Frolund_book,
 author = {Svend Fr\o{}lund},
 title = {Coordinating distributed objects: an actor-based approach to synchronization},
 year = {1996},
 isbn = {0-262-06188-0},
 publisher = {MIT Press},
 address = {Cambridge, MA, USA},
 }

// Inheritance in Actor model

@article{Tomlinson_Singh_89,
 author = {C. Tomlinson and V. Singh},
 title = {Inheritance and synchronization with enabled-sets},
 journal = {SIGPLAN Not.},
 volume = {24},
 number = {10},
 year = {1989},
 issn = {0362-1340},
 pages = {103--112},
 doi = {http://doi.acm.org/10.1145/74878.74889},
 publisher = {ACM},
 address = {New York, NY, USA},
 }

@incollection{Analysis_inheritance_anomaly_93,
 author = {Satoshi Matsuoka and Akinori Yonezawa},
 title = {Analysis of inheritance anomaly in object-oriented concurrent programming languages},
 booktitle = {Research directions in concurrent object-oriented programming},
 year = {1993},
 isbn = {0-262-01139-5},
 pages = {107--150},
 publisher = {MIT Press},
 address = {Cambridge, MA, USA},
 }

@techreport{Kafura_88,
 author = {Dennis G. Kafura and Keung H Lee},
 title = {Inheritance in Actor Based Concurrent Object-Oriented Languages},
 year = {1988},
 institution = {Virginia Polytechnic Institute \&\& State University},
 address = {Blacksburg, VA, USA},
 }

@inproceedings{Frolund_Inherit_synch_paper,
 author = {Svend Fr\o{}lund},
 title = {Inheritance of Synchronization Constraints in Concurrent Object-Oriented Programming Languages},
 booktitle = {ECOOP '92: Proceedings of the European Conference on Object-Oriented Programming},
 year = {1992},
 isbn = {3-540-55668-0},
 pages = {185--196},
 publisher = {Springer-Verlag},
 address = {London, UK},
 }

// Performance, complexity in Actor model

@inproceedings{sc95,
 author = {WooYoung Kim and Gul Agha},
 title = {Efficient support of location transparency in concurrent object-oriented programming languages},
 booktitle = {Supercomputing '95: Proceedings of the 1995 ACM/IEEE conference on Supercomputing (CDROM)},
 year = {1995},
 isbn = {0-89791-816-9},
 pages = {39},
 location = {San Diego, California, United States},
 doi = {http://doi.acm.org/10.1145/224170.224297},
 publisher = {ACM},
 address = {New York, NY, USA},
 }

@inproceedings{jpdc94,
	author="Rajendra  Panwar and Gul  Agha",
	title="A Methodology for Programming Scalable Architectures ",
	booktitle="Journal of Parallel and Distributed Computing, vol. 22 pp 479-487",
	year="1994"
}

@inproceedings{ipps96,
	author="Rajendra  Panwar and WooYoung  Kim and Gul  Agha",
	title="Parallel Implementations of Irregular Problems Using High-level Actor Language",
	booktitle="The 10th International Parallel Processing Symposium, pp 857-862, Honolulu, HI, IEEE Computer Society",
	year="1996"
}

@article{grama1998spf,
  title={{Scalable parallel formulations of the Barnes--Hut method for n-body simulations}},
  author={Grama, A. and Kumar, V. and Sameh, A.},
  journal={Parallel Computing},
  volume={24},
  number={5-6},
  pages={797--822},
  year={1998},
  publisher={Elsevier}
}

@ARTICLE{changa,
title={Massively parallel cosmological simulations with ChaNGa},
author={Jetley, P. and Gioachin, F. and Mendes, C. and Kale, L.V. and Quinn, T.},
journal={Parallel and Distributed Processing, 2008. IPDPS 2008. IEEE International Symposium on},
year={2008},
month={April},
volume={},
number={},
pages={1-12},
keywords={astronomy computing, cosmology, digital simulation, galaxies, parallel processing, resource allocationCHARM++ infrastructure, ChaNGa, Cray XT3, IBM Blue Gene/L, galaxies, multiphase load balancer, multistepping capabilities, parallel cosmological simulations, production simulator, tree-based particle codes, universe},
doi={10.1109/IPDPS.2008.4536319},
ISSN={1530-2075}, }


@article{ mobility,
author = {Alfonso Fuggetta and Gian Pietro Picco and Giovanni Vigna},
title = {Understanding Code Mobility},
journal ={IEEE Transactions on Software Engineering},
volume = {24},
number = {5},
issn = {0098-5589},
year = {1998},
pages = {342-361},
doi = {http://doi.ieeecomputersociety.org/10.1109/32.685258},
publisher = {IEEE Computer Society},
address = {Los Alamitos, CA, USA},
}

@article{walsh2000spm,
  title={{As strong as possible mobility: An Architecture for stateful object migration on the Internet}},
  author={Walsh, T. and Nixon, P. and Dobson, S.},
  journal={6th ECOOP Workshop on Mobile Object Systems: Operating System Support, Security and Programming Languages, Sophia Antipolis (France)},
  year={2000}
}

@article{lang-shootout,
title="The Computer Language Benchmarks Game",
author="Open Source",
year="2004-2008",
journal="http://shootout.alioth.debian.org/"
}

@inproceedings{multijava,
 author = {Curtis Clifton and Gary T. Leavens and Craig Chambers and Todd Millstein},
 title = {MultiJava: modular open classes and symmetric multiple dispatch for Java},
 booktitle = {OOPSLA '00: Proceedings of the 15th ACM SIGPLAN conference on Object-oriented programming, systems, languages, and applications},
 year = {2000},
 isbn = {1-58113-200-X},
 pages = {130--145},
 location = {Minneapolis, Minnesota, United States},
 doi = {http://doi.acm.org/10.1145/353171.353181},
 publisher = {ACM},
 address = {New York, NY, USA},
 }

@inproceedings{SulzmannLW08,
  author    = {Martin Sulzmann and
               Edmund S. L. Lam and
               Peter Van Weert},
  title     = {Actors with Multi-headed Message Receive Patterns},
  booktitle = {COORDINATION},
  year      = {2008},
  pages     = {315-330},
  ee        = {http://dx.doi.org/10.1007/978-3-540-68265-3_20},
  crossref  = {DBLP:conf/coordination/2008},
  bibsource = {DBLP, http://dblp.uni-trier.de}
}

@proceedings{DBLP:conf/coordination/2008,
  editor    = {Doug Lea and
               Gianluigi Zavattaro},
  title     = {Coordination Models and Languages, 10th International Conference,
               COORDINATION 2008, Oslo, Norway, June 4-6, 2008. Proceedings},
  booktitle = {COORDINATION},
  publisher = {Springer},
  series    = {Lecture Notes in Computer Science},
  volume    = {5052},
  year      = {2008},
  isbn      = {978-3-540-68264-6},
  bibsource = {DBLP, http://dblp.uni-trier.de}
}

@inproceedings{HallerC08,
  author    = {Philipp Haller and
               Tom Van Cutsem},
  title     = {Implementing Joins Using Extensible Pattern Matching},
  booktitle = {COORDINATION},
  year      = {2008},
  pages     = {135-152},
  ee        = {http://dx.doi.org/10.1007/978-3-540-68265-3_9},
  crossref  = {DBLP:conf/coordination/2008},
  bibsource = {DBLP, http://dblp.uni-trier.de}
}

// Other concurrent languages

@article{frigo1998icm,
  title={{The implementation of the Cilk-5 multithreaded language}},
  author={Frigo, M. and Leiserson, C.E. and Randall, K.H.},
  journal={ACM SIGPLAN Notices},
  volume={33},
  number={5},
  pages={212--223},
  year={1998},
  publisher={ACM New York, NY, USA}
}

@inproceedings{forkjoin,
 author = {Doug Lea},
 title = {A Java fork/join framework},
 booktitle = {JAVA '00: Proceedings of the ACM 2000 conference on Java Grande},
 year = {2000},
 pages = {36--43},
 location = {San Francisco, California, United States},
 publisher = {ACM},
 address = {New York, NY, USA},
 }

@inproceedings{galois,
 author = {Milind Kulkarni and Keshav Pingali and Bruce Walter and Ganesh Ramanarayanan and Kavita Bala and L. Paul Chew},
 title = {Optimistic parallelism requires abstractions},
 booktitle = {PLDI '07: Proceedings of the 2007 ACM SIGPLAN conference on Programming language design and implementation},
 year = {2007},
 pages = {211--222},
 publisher = {ACM}
 }


@techreport(thies:lcs-tm:2001,
  author = "William Thies and Michal Karczmarek and Saman Amarasinghe",
  month = Aug,
  year = 2001,
  title = "StreaMIT: A Language for Streaming Applications",
  url = "http://cag.lcs.mit.edu/commit/papers/01/StreaMIT-TM-620.pdf",
  number = "MIT/LCS Technical Memo LCS-TM-620",
  type = "MIT/LCS Technical Memo",
  address = "Cambridge, MA",
  institution = "Massachusetts Institute of Technology"
)

@manual{ibm-DaCS,
title="Data Communication and Synchronization for Cell BE Programmer's Guide and API Reference",
organization="IBM",
}

@article{singularity,
 author = {Manuel F\"{a}hndrich and Mark Aiken and Chris Hawblitzel and Orion Hodson and Galen Hunt and James R. Larus and Steven Levi},
 title = {Language support for fast and reliable message-based communication in singularity OS},
 journal = {SIGOPS Oper. Syst. Rev.},
 volume = {40},
 number = {4},
 year = {2006},
 issn = {0163-5980},
 pages = {177--190},
 doi = {http://doi.acm.org/10.1145/1218063.1217953},
 publisher = {ACM},
 address = {New York, NY, USA},
 }

@article{separation,
 author = {Peter W. OHearn},
 title = {Resources, concurrency, and local reasoning},
 journal = {Theor. Comput. Sci.},
 volume = {375},
 number = {1-3},
 year = {2007},
 issn = {0304-3975},
 pages = {271--307},
 doi = {http://dx.doi.org/10.1016/j.tcs.2006.12.035},
 publisher = {Elsevier Science Publishers Ltd.},
 address = {Essex, UK},
 }

@book{gropp1999ump,
  title={{Using MPI: Portable Parallel Programming with the Message Passing Interface}},
  author={Gropp, W. and Lusk, E. and Skjellum, A.},
  year={1999},
  publisher={MIT Press}
}

// Actor implementations

@article{varela2001pdr,
  title={{Programming dynamically reconfigurable open systems with SALSA}},
  author={Varela, C. and Agha, G.},
  journal={ACM SIGPLAN Notices},
  volume={36},
  number={12},
  pages={20--34},
  year={2001},
  publisher={ACM New York, NY, USA}
}

@article{haller2007aut,
  title={{Actors That Unify Threads and Events}},
  author={Haller, P. and Odersky, M.},
  journal={LECTURE NOTES IN COMPUTER SCIENCE},
  volume={4467},
  pages={171},
  year={2007},
  publisher={Springer}
}

@conference{srinivasan2008kit,
  title={{Kilim: Isolation typed actors for Java}},
  author={Srinivasan, S. and Mycroft, A.},
  booktitle={Procedings if the European Conference on Object Oriented Programming (ECOOP)},
  year={2008}
}


@phdthesis{wkim-phd,
	author="WooYoung Kim",
	title="ThAL: An Actor System for Efficient and Scalable Concurrent Computing",
	school="University of Illinois at Urbana-Champaign",
	year="1997"
}

@book{erlang-book,
author="Joe Armstrong",
title="Programming Erlang: Software for a Concurrent World",
publisher="Pragmatic Bookshelf",
year="2007"
}

@article{parley,
title="Parley",
author="Jacob Lee",
year="2007",
journal="http://osl.cs.uiuc.edu/parley/"
}

@article{elang,
title="The E Language",
year="2000",
journal="http://www.erights.org/elang"
}

@techreport{ptolemy-actors,
title="Overview of the Ptolemy Project",
author="Edward A. Lee",
year="2003",
institution="University of California, Berkeley",
number="UCB/ERL M03/25"
}

@inproceedings{actornet,
	author="YoungMin  Kwon and Sameer  Sundresh and Kirill  Mechitov and Gul  Agha",
	title="ActorNet: An Actor Platform for Wireless Sensor Networks",
	booktitle="Fifth International Joint Conference on  Autonomous Agents and Multiagent Systems (AAMAS), pages 1297-1300",
	year="2006"
}

@MISC{JavAct_Page,
author = {J.-P. Arcangeli, F. Migeon, S. Rougemaille},
title = {JAVACT : a Java middleware for mobile adaptive agents},
month = {February},
year = {2008},
url = {http://www.irit.fr/PERSONNEL/SMAC/arcangeli/JavAct.html},
}

@MISC {terracotta,
author = {Terracotta, Inc},
title = {Terracotta},
month = {December},
year = {2008},
howpublished = {Web}
}

@MastersThesis{Zwicky,
	author="William  Zwicky",
	title="AJ: A Systems for Buildings Actors with Java",
	year="2008",
    	school     =    "University of Illinois at Urbana-Champaign"
}



@Manual{OAF,
title = {The Actor Foundry: A Java-based Actor Programming Environment},
author = {Mark Astley},
organization = {Open Systems Laboratory, University of Illinois at Urbana-Champaign},
year = {1998-99},
url = {http://osl.cs.uiuc.edu/foundry},
}


@Manual{AA_Man,
title = {The Actor Architecture Manual},
author = {Myeong-Wuk Jang},
organization = {Department of Computer Science, University of Illinois at Urbana-Champaign},
month = {March},
year = {2004},
url = {http://osl.cs.uiuc.edu/aa},
}

@Manual{SALSA_Man,
title = {THE SALSA PROGRAMMING LANGUAGE 1.1.2 RELEASE TUTORIAL},
author = {Carlos A. Varela and Gul Agha and Wei-Jen Wang and Travis Desell and Kaoutar El Maghraoui and Jason LaPorte and Abe Stephens},
organization = {Rensselaer Polytechnic Institute, Troy, New York},
month = {February},
year = {2007},
url = {http://www.cs.rpi.edu/research/groups/wwc/salsa/tutorial/salsa112v.pdf},
}

@article{Rosette_lang,
 author = {C. Tomlinson and W. Kim and M. Scheevel and V. Singh and B. Will and G. Agha},
 title = {Rosette: An object-oriented concurrent systems architecture},
 journal = {SIGPLAN Not.},
 volume = {24},
 number = {4},
 year = {1989},
 issn = {0362-1340},
 pages = {91--93},
 doi = {http://doi.acm.org/10.1145/67387.67410},
 publisher = {ACM},
 address = {New York, NY, USA},
 }

@inproceedings{stage,
 author = {Jonathan Sillito},
 title = {Stage: exploring erlang style concurrency in ruby},
 booktitle = {IWMSE '08: Proceedings of the 1st international workshop on Multicore software engineering},
 year = {2008},
 isbn = {978-1-60558-031-9},
 pages = {33--40},
 location = {Leipzig, Germany},
 doi = {http://doi.acm.org/10.1145/1370082.1370092},
 publisher = {ACM},
 address = {New York, NY, USA},
 }

@inproceedings{iwmm92,
	author="Nalini Venkatasubramanian and Gul Agha and Carolyn Talcott",
	title="Scalable Distributed Garbage Collection for Systems of Active Objects",
	booktitle="in Y. Bekkers and J. Cohen (editors), International Workshop on Memory Management, ACM SIGPLAN and INRIA, St. Malo, France, Lecture Notes in Computer Science, vol. 637, pp 134-148, Springer-Verlag, September",
	year="1992"
}

@inproceedings{passivegc,
 author = {Vardhan,, Abhay and Agha,, Gul},
 title = {Using passive object garbage collection algorithms for garbage collection of active objects},
 booktitle = {ISMM '02: Proceedings of the 3rd international symposium on Memory management},
 year = {2002},
 isbn = {1-58113-539-4},
 pages = {106--113},
 location = {Berlin, Germany},
 doi = {http://doi.acm.org/10.1145/512429.512443},
 publisher = {ACM},
 address = {New York, NY, USA},
 }


@inproceedings{dai-chapter99,
	author="Gul  Agha and Nadeem  Jamali",
	title="Concurrent Programming for Distributed Artificial Intelligence",
	booktitle="in G. Weiss (Editor), Multiagent Systems: A Modern Approach to Distributed Artificial Intelligence, Chap. 12, pp 505-534, MIT Press",
	year="1999"
}


@inproceedings{weakrefs,
 author = {Agesen,, Ole and Garthwaite,, Alex},
 title = {Efficient object sampling via weak references},
 booktitle = {ISMM '00: Proceedings of the 2nd international symposium on Memory management},
 year = {2000},
 isbn = {1-58113-263-8},
 pages = {121--126},
 location = {Minneapolis, Minnesota, United States},
 doi = {http://doi.acm.org/10.1145/362422.362473},
 publisher = {ACM},
 address = {New York, NY, USA},
 }


@techreport{mit-fos,
    Author = {David Wentzlaff and Anant Agarwal},
    Title = {The Case for a Factored Operating System (fos)},
    Institution = {Massachusetts Institute of Technology Computer Science and Artificial Intelligence Laboratory},
    Year = {2008},
    Month = {Oct},
    URL = {http://hdl.handle.net/1721.1/42894},
    Number = {MIT-CSAIL-TR-2008-060}
}

@article{servo,
 author = {Zea,, Nicolas and Sartori,, John and Kumar,, Rakesh},
 title = {Servo: a programming model for many-core computing},
 journal = {SIGARCH Comput. Archit. News},
 volume = {36},
 number = {2},
 year = {2008},
 issn = {0163-5964},
 pages = {28--37},
 doi = {http://doi.acm.org/10.1145/1399972.1399979},
 publisher = {ACM},
 address = {New York, NY, USA},
 }


